%%%%%%%%%%%%%%%%%%%%%%%%%%%%%%%%%%%%%%%%%%%%%%%%%%%%%%%%%%%%%%%%%%%%%%%%%%%%%%%%%%%%%%%%%%%
%                                    PhDthesis v0.1                                       %
%                         By Quan Zou <quan.zou at gmail.com>                             %
%                            Version 0.1 released 05/01/2014                              %
%%%%%%%%%%%%%%%%%%%%%%%%%%%%%%%%%%%%%%%%%%%%%%%%%%%%%%%%%%%%%%%%%%%%%%%%%%%%%%%%%%%%%%%%%%%
@STRING{ajr        = "American Journal of Rocks"}
@STRING{pnas       = "Proc Nat Acad Sci USA"}
@STRING{sci        = "Science"}


% ------------------------------------------------------------------------
% books and chapters
% ------------------------------------------------------------------------
@BOOK{,
   author    = {},
   title     = {},
   publisher = {},
   edition   = {},
   address   = {},
   year      = {} 
}

@BOOK{,
   author    = {},
   title     = {},
   publisher = {},
   edition   = {},
   address   = {},
   year      = {} 
}

@INBOOK{,
   editor    = {},
   author    = {},
   title     = {},
   chapter   = {},
   series    = {}, 
   edition   = {},
   publisher = {},
   pages     = {},
   address   = {},
   year      = {},
}


% ------------------------------------------------------------------------
% articles
% ------------------------------------------------------------------------
@ARTICLE{Smith2010,
 author  = {John Smith and Lisa Merlin},
 title   = {The Big Rock Theory},
 journal = ajr,
 volume  = {1},
 issue   = {250},
 year    = {2010},
 pages   = {1-7},
}

@ARTICLE{,
 author  = {},
 title   = {},
 journal = {},
 volume  = {},
 issue   = {},
 year    = {},
 pages   = {},
}

% ------------------------------------------------------------------------
% inproceedings and 
% ------------------------------------------------------------------------
@inproceedings{,
   editor    = {},
   author    = {},
   booktitle = {},
   title     = {}, 
   publisher = {},
   pages     = {},
   address   = {},
   year      = {},
}

@ARTICLE{,
 author  = {},
 title   = {},
 journal = {},
 volume  = {},
 issue   = {},
 year    = {},
 pages   = {},
}

% ------------------------------------------------------------------------
% Thesis
% ------------------------------------------------------------------------
@MASTERSTHESIS{,
   author   = {},
   title    = {},
   school   = {},
   year     = {},
}

@PHDTHESIS{,
   author   = {},
   title    = {},
   school   = {},
    year    = {},
}

% ------------------------------------------------------------------------
% anything else
% ------------------------------------------------------------------------
@UNPUBLISHED{,
   author   = {},
   title    = {},
   note     = {},
   year     = {},
}

@MISC{,
   author    = {},
   note      = {},
}
% ------------------------------------------------------------------------
%% \CharacterTable
%%  {Upper-case    \A\B\C\D\E\F\G\H\I\J\K\L\M\N\O\P\Q\R\S\T\U\V\W\X\Y\Z
%%   Lower-case    \a\b\c\d\e\f\g\h\i\j\k\l\m\n\o\p\q\r\s\t\u\v\w\x\y\z
%%   Digits        \0\1\2\3\4\5\6\7\8\9
%%   Exclamation   \!     Double quote  \"     Hash (number) \#
%%   Dollar        \$     Percent       \%     Ampersand     \&
%%   Acute accent  \'     Left paren    \(     Right paren   \)
%%   Asterisk      \*     Plus          \+     Comma         \,
%%   Minus         \-     Point         \.     Solidus       \/
%%   Colon         \:     Semicolon     \;     Less than     \<
%%   Equals        \=     Greater than  \>     Question mark \?
%%   Commercial at % can't use that character in a .BIB file!
%%     Left bracket  \[     Backslash     \\
%%   Right bracket \]     Circumflex    \^     Underscore    \_
%%   Grave accent  \`     Left brace    \{     Vertical bar  \|
%%   Right brace   \}     Tilde         \~}
